%%%%%%%%%%%%%%%%%%%%%%%%%% Intro papers %%%%%%%%%%%%%%%%%%%%%%%%%%%%%%%
@article{LEWIN,
      author         = "Lewin, J. D. and Smith, P. F.",
      title          = "{Review of mathematics, numerical factors, and
                        corrections for dark matter experiments based on elastic nuclear recoil}",
      journal        = "Astropart. Phys.",
      volume         = "6",
      year           = "1996",
      pages          = "87-112",
      doi            = "10.1016/S0927-6505(96)00047-3",
      reportNumber   = "RAL-TR-95-024",
      SLACcitation   = "%%CITATION = APHYE,6,87;%%"
}
@article {Harvey1462,
	author = {Harvey, David and Massey, Richard and Kitching, Thomas and Taylor, Andy and Tittley, Eric},
	title = {The nongravitational interactions of dark matter in colliding galaxy clusters},
	volume = {347},
	number = {6229},
	pages = {1462--1465},
	year = {2015},
	doi = {10.1126/science.1261381},
	publisher = {American Association for the Advancement of Science},
	issn = {0036-8075},
	journal = {Science}
}

@Article{DAMA,
author="Bernabei, R. and others",
title="New results from DAMA/LIBRA",
journal="The European Physical Journal C",
year="2010",
volume="67",
number="1",
pages="39--49",
issn="1434-6052",
doi="10.1140/epjc/s10052-010-1303-9",
}

@article{COGENT,
  title = {CoGeNT: A search for low-mass dark matter using $p$-type point contact germanium detectors},
  author = {Aalseth, C. E. and others},
  collaboration = {CoGeNT Collaboration},
  journal = {Phys. Rev. D},
  volume = {88},
  issue = {1},
  pages = {012002},
  numpages = {20},
  year = {2013},
  month = {Jul},
  publisher = {American Physical Society},
  doi = {10.1103/PhysRevD.88.012002},
}

@article{CDMSlite,
  title = {Search for Low-Mass Weakly Interacting Massive Particles Using Voltage-Assisted Calorimetric Ionization Detection in the SuperCDMS Experiment},
  author = {Agnese, R. and others},
  collaboration = {SuperCDMS collaboration},
  journal = {Phys. Rev. Lett.},
  volume = {112},
  issue = {4},
  pages = {041302},
  numpages = {6},
  year = {2014},
  month = {Jan},
  publisher = {American Physical Society},
  doi = {10.1103/PhysRevLett.112.041302},
}

@Article{CREST,
author="Angloher, G.and others",
title="Results from 730 kg{\thinspace}days of the CRESST-II Dark Matter search",
journal="The European Physical Journal C",
year="2012",
volume="72",
number="4",
pages="1971",
issn="1434-6052",
doi="10.1140/epjc/s10052-012-1971-8",
}

@article{LUXnew,
      author         = "Akerib, D. S. and others",
      title          = "{Improved Limits on Scattering of Weakly Interacting
                        Massive Particles from Reanalysis of 2013 LUX Data}",
      collaboration  = "LUX",
      journal        = "Phys. Rev. Lett.",
      volume         = "116",
      year           = "2016",
      number         = "16",
      pages          = "161301",
      doi            = "10.1103/PhysRevLett.116.161301",
      eprint         = "1512.03506",
      archivePrefix  = "arXiv",
      primaryClass   = "astro-ph.CO",
      SLACcitation   = "%%CITATION = ARXIV:1512.03506;%%"
}

@article{PANDAX,
  title = {Dark Matter Results from First 98.7 Days of Data from the PandaX-II Experiment},
  author = {Tan, Andi and otrhers},
  collaboration = {PandaX-II Collaboration},
  journal = {Phys. Rev. Lett.},
  volume = {117},
  issue = {12},
  pages = {121303},
  numpages = {7},
  year = {2016},
  month = {Sep},
  publisher = {American Physical Society},
  doi = {10.1103/PhysRevLett.117.121303},
}

@book{Bertone:2010zza,
      author         = "J. Silk and others",
      title          = "{Particle Dark Matter: Observations, Models and
                        Searches}",
      publisher      = "Cambridge Univ. Press",
      address        = "Cambridge",
      year           = "2010",
      doi            = "10.1017/CBO9780511770739",
      ISBN           = "9781107653924",
      SLACcitation   = "%%CITATION = INSPIRE-895273;%%"
}



@article{InelasticIntro,
      author         = "Tucker-Smith, David and Weiner, Neal",
      title          = "{Inelastic dark matter}",
      journal        = "Phys. Rev.",
      volume         = "D64",
      year           = "2001",
      pages          = "043502",
      doi            = "10.1103/PhysRevD.64.043502",
      eprint         = "hep-ph/0101138",
      archivePrefix  = "arXiv",
      primaryClass   = "hep-ph",
      reportNumber   = "UCB-PTH-00-43, LBNL-47234, UW-PT-00-17",
      SLACcitation   = "%%CITATION = HEP-PH/0101138;%%"
}

%%%%%%%%%%%%%%%%%%%%%%%%%%%%  EFT papers %%%%%%%%%%%%%%%%%%%%%%%%%%%%%%%%%%

@article{XenonSingleElectron,
      author         = "Aprile, E. and others",
      title          = "{Observation and applications of single-electron charge
                        signals in the XENON100 experiment}",
      collaboration  = "XENON100",
      journal        = "J. Phys.",
      volume         = "G41",
      year           = "2014",
      pages          = "035201",
      doi            = "10.1088/0954-3899/41/3/035201",
      eprint         = "1311.1088",
      archivePrefix  = "arXiv",
      primaryClass   = "physics.ins-det",
      SLACcitation   = "%%CITATION = ARXIV:1311.1088;%%"
}

@article{Fitzpatrick:MathTools,
      author         = "Fitzpatrick, A. Liam and Haxton, Wick and Katz, Emanuel
                        and Lubbers, Nicholas and Xu, Yiming",
      title          = "{The Effective Field Theory of Dark Matter Direct
                        Detection}",
      journal        = "JCAP",
      volume         = "1302",
      year           = "2013",
      pages          = "004",
      doi            = "10.1088/1475-7516/2013/02/004",
      eprint         = "1203.3542",
      archivePrefix  = "arXiv",
      primaryClass   = "hep-ph",
      SLACcitation   = "%%CITATION = ARXIV:1203.3542;%%"
}

@article{Anand:MathTools,
      author         = "Anand, Nikhil and Fitzpatrick, A. Liam and Haxton, W. C.",
      title          = "{Weakly interacting massive particle-nucleus elastic
                        scattering response}",
      journal        = "Phys. Rev.",
      volume         = "C89",
      year           = "2014",
      number         = "6",
      pages          = "065501",
      doi            = "10.1103/PhysRevC.89.065501",
      eprint         = "1308.6288",
      archivePrefix  = "arXiv",
      primaryClass   = "hep-ph",
      SLACcitation   = "%%CITATION = ARXIV:1308.6288;%%"
}

@article{Fitzpatrick:2012ib,
      author         = "Fitzpatrick, A. Liam and Haxton, Wick and Katz, Emanuel
                        and Lubbers, Nicholas and Xu, Yiming",
      title          = "{Model Independent Direct Detection Analyses}",
      year           = "2012",
      eprint         = "1211.2818",
      archivePrefix  = "arXiv",
      primaryClass   = "hep-ph",
      SLACcitation   = "%%CITATION = ARXIV:1211.2818;%%"
}


@article{InelasticReview,
      author         = "Bramante, Joseph and Fox, Patrick J. and Kribs, Graham D.
                        and Martin, Adam",
      title          = "{Inelastic frontier: Discovering dark matter at high
                        recoil energy}",
      journal        = "Phys. Rev.",
      volume         = "D94",
      year           = "2016",
      number         = "11",
      pages          = "115026",
      doi            = "10.1103/PhysRevD.94.115026",
      eprint         = "1608.02662",
      archivePrefix  = "arXiv",
      primaryClass   = "hep-ph",
      reportNumber   = "FERMILAB-PUB-16-301-T",
      SLACcitation   = "%%CITATION = ARXIV:1608.02662;%%"
}

@article{InelasticMath,
      author         = "Barello, G. and Chang, Spencer and Newby, Christopher A.",
      title          = "{A Model Independent Approach to Inelastic Dark Matter
                        Scattering}",
      journal        = "Phys. Rev.",
      volume         = "D90",
      year           = "2014",
      number         = "9",
      pages          = "094027",
      doi            = "10.1103/PhysRevD.90.094027",
      eprint         = "1409.0536",
      archivePrefix  = "arXiv",
      primaryClass   = "hep-ph",
      SLACcitation   = "%%CITATION = ARXIV:1409.0536;%%"
}

@article{CDMSEFT,
      author         = "Schneck, K. and others",
      title          = "{Dark matter effective field theory scattering in direct
                        detection experiments}",
      collaboration  = "SuperCDMS",
      journal        = "Phys. Rev.",
      volume         = "D91",
      year           = "2015",
      number         = "9",
      pages          = "092004",
      doi            = "10.1103/PhysRevD.91.092004",
      eprint         = "1503.03379",
      archivePrefix  = "arXiv",
      primaryClass   = "astro-ph.CO",
      reportNumber   = "IPPP-15-06, DCTP-15-12, FERMILAB-PUB-15-393-AE",
      SLACcitation   = "%%CITATION = ARXIV:1503.03379;%%"
}

%%%%%%%%%%%%%%%%%%%%%%%%%%%%%%%%%%%%%%%%%%%%%%%%%%%%%%%%%%%%%%%%%%%% Xenon papers %%%%%%%%%%%%%%%%%%%%%%%%%%%%%%%%%%%%%%%%%%%%%%%%%%%%%%%%%%%%

@article{DataMCXenon,
      author         = "Aprile, E. and others",
      title          = "{Response of the XENON100 Dark Matter Detector to Nuclear
                        Recoils}",
      collaboration  = "XENON100",
      journal        = "Phys. Rev.",
      volume         = "D88",
      year           = "2013",
      pages          = "012006",
      doi            = "10.1103/PhysRevD.88.012006",
      eprint         = "1304.1427",
      archivePrefix  = "arXiv",
      primaryClass   = "astro-ph.IM",
      SLACcitation   = "%%CITATION = ARXIV:1304.1427;%%"
}


@article{xe100_instr2012,
      author         = "Aprile, E. and others",
      title          = "{The XENON100 Dark Matter Experiment}",
      collaboration  = "XENON100",
      journal        = "Astropart. Phys.",
      volume         = "35",
      year           = "2012",
      pages          = "573-590",
      doi            = "10.1016/j.astropartphys.2012.01.003",
      eprint         = "1107.2155",
      archivePrefix  = "arXiv",
      primaryClass   = "astro-ph.IM",
      SLACcitation   = "%%CITATION = ARXIV:1107.2155;%%"
}


@article{Aprile:2013tov,
      author         = "Aprile, E. and others",
      title          = "{The neutron background of the XENON100 dark matter
                        search experiment}",
      collaboration  = "XENON100",
      journal        = "J. Phys.",
      volume         = "G40",
      year           = "2013",
      pages          = "115201",
      doi            = "10.1088/0954-3899/40/11/115201",
      eprint         = "1306.2303",
      archivePrefix  = "arXiv",
      primaryClass   = "astro-ph.IM",
      SLACcitation   = "%%CITATION = ARXIV:1306.2303;%%"
}




@article{Aprile:2012vw,
      author         = "Aprile, E. and others",
      title          = "{Analysis of the XENON100 Dark Matter Search Data}",
      collaboration  = "XENON100",
      journal        = "Astropart. Phys.",
      volume         = "54",
      year           = "2014",
      pages          = "11-24",
      doi            = "10.1016/j.astropartphys.2013.10.002",
      eprint         = "1207.3458",
      archivePrefix  = "arXiv",
      primaryClass   = "astro-ph.IM",
      SLACcitation   = "%%CITATION = ARXIV:1207.3458;%%"
}

@article{run8Result,
      author         = "Aprile, E. and others",
      title          = "{Dark Matter Results from 100 Live Days of XENON100
                        Data}",
      collaboration  = "XENON100",
      journal        = "Phys. Rev. Lett.",
      volume         = "107",
      year           = "2011",
      pages          = "131302",
      doi            = "10.1103/PhysRevLett.107.131302",
      eprint         = "1104.2549",
      archivePrefix  = "arXiv",
      primaryClass   = "astro-ph.CO",
      SLACcitation   = "%%CITATION = ARXIV:1104.2549;%%"
}

@article{xe100_run10_si,
      author         = "Aprile, E. and others",
      title          = "{Dark Matter Results from 225 Live Days of XENON100
                        Data}",
      collaboration  = "XENON100",
      journal        = "Phys. Rev. Lett.",
      volume         = "109",
      year           = "2012",
      pages          = "181301",
      doi            = "10.1103/PhysRevLett.109.181301",
      eprint         = "1207.5988",
      archivePrefix  = "arXiv",
      primaryClass   = "astro-ph.CO",
      SLACcitation   = "%%CITATION = ARXIV:1207.5988;%%"
}


@article{xe100_run_combination,
      author         = "Aprile, E. and others",
      title          = "{XENON100 Dark Matter Results from a Combination of 477
                        Live Days}",
      collaboration  = "XENON100",
      journal        = "Phys. Rev.",
      volume         = "D94",
      year           = "2016",
      number         = "12",
      pages          = "122001",
      doi            = "10.1103/PhysRevD.94.122001",
      eprint         = "1609.06154",
      archivePrefix  = "arXiv",
      primaryClass   = "astro-ph.CO",
      SLACcitation   = "%%CITATION = ARXIV:1609.06154;%%"
}

@article{xe100_run10_sd,
  title={Limits on spin-dependent WIMP-nucleon cross sections from 225 live days of XENON100 data},
  Author = {E. Aprile and others},
  collaboration = {XENON100 collaboration },
  journal={Physical review letters},
  volume={111},
  number={2},
  pages={021301},
  year={2013},
  publisher={APS}
}



%%%%%%%%%%%%%%%%%%%%%%%%%%%%%%%%  STAT %%%%%%%%%%%%%%%%%%%%%%%%%%%%%%%

@article{asympt,
      author         = "Cowan, Glen and Cranmer, Kyle and Gross, Eilam and
                        Vitells, Ofer",
      title          = "{Asymptotic formulae for likelihood-based tests of new
                        physics}",
      journal        = "Eur. Phys. J.",
      volume         = "C71",
      year           = "2011",
      pages          = "1554",
      doi            = "10.1140/epjc/s10052-011-1554-0,
                        10.1140/epjc/s10052-013-2501-z",
      note           = "[Erratum: Eur. Phys. J.C73,2501(2013)]",
      eprint         = "1007.1727",
      archivePrefix  = "arXiv",
      primaryClass   = "physics.data-an",
      SLACcitation   = "%%CITATION = ARXIV:1007.1727;%%"
}

@inproceedings{cls,
      author         = "Read, Alexander L.",
      title          = "{Modified frequentist analysis of search results (The
                        CL(s) method)}",
      booktitle      = "{Workshop on confidence limits, CERN, Geneva,
                        Switzerland, 17-18 Jan 2000: Proceedings}",
      url            = "http://weblib.cern.ch/abstract?CERN-OPEN-2000-205",
      year           = "2000",
      pages          = "81-101",
      reportNumber   = "CERN-OPEN-2000-205",
      SLACcitation   = "%%CITATION = CERN-OPEN-2000-205;%%"
}

@article{Aprile:2011hx,
      author         = "Aprile, E. and others",
      title          = "{Likelihood Approach to the First Dark Matter Results
                        from XENON100}",
      collaboration  = "XENON100",
      journal        = "Phys. Rev.",
      volume         = "D84",
      year           = "2011",
      pages          = "052003",
      doi            = "10.1103/PhysRevD.84.052003",
      eprint         = "1103.0303",
      archivePrefix  = "arXiv",
      primaryClass   = "hep-ex",
      SLACcitation   = "%%CITATION = ARXIV:1103.0303;%%"
}

