
%%%%%%%%%%%%%%%%%%%%%%%%%%%%%%%%%%%%%%%%%%%%%%%%%%%%%%%%%%%%%%%%%%%% Xenon papers %%%%%%%%%%%%%%%%%%%%%%%%%%%%%%%%%%%%%%%%%%%%%%%%%%%%%%%%%%%%

@article{xe100_instr2012,
	Author = {E. Aprile and others},
	Journal = {Astropart. Phys.},
	Pages = {573},
	Volume = {35},
	Year = {2012}}

@article{xe100_run10_si,
	Author = {E. Aprile and others},
	Date-Modified = {2013-12-26 16:11:53 +0000},
	Journal = {Phys. Rev. Lett.},
	Pages = {181301},
	Volume = {109},
	Year = {2012}}

@article{xe100_run_combination,
      author         = {Aprile, E. and others},
      title          = {XENON100 Dark Matter Results from a Combination of 477 Live Days},
      collaboration  = {XENON100},
      year           = {2016},
      eprint         = {1609.06154},
      archivePrefix  = {arXiv},
      primaryClass   = {astro-ph.CO},
      SLACcitation   = {%%CITATION = ARXIV:1609.06154;%%}
}
@article{xe100_run10_sd,
	Author = {E. Aprile and others},
	Journal = {Phys. Rev. Lett.},
	Pages = {021301},
	Volume = {111},
	Year = {2013}}

@article{xe100_ana2012,
	Author = {E. Aprile and others},
	Date-Modified = {2013-12-26 16:12:42 +0000},
	Journal = {Astropart. Phys.},
	Pages = {54},
	Volume = {11},
	Year = {2014}}




